
@inreference{RPSB,
	author = {DHBW},
	editor = {editor},
	title = {Richtlinien},
	booktitle = {booktitle},
	date = {30.04.2015},
	pages = {16},
}

@misc{test,
	author = {test},
	title = {test},
	date = {test},
}

@article{ackema:1998, 
	Journal = {Natural Language and Linguistic Theory}, 
	Year = {1998}, 
	Title = {Optimal questions}, 
	Pages = {443-490}, 
	Author = {Ackema, Peter and Neeleman, Ad}, 
	Volume = {16} 
}